%YAML 1.1
%TAG !u! tag:unity3d.com,2011:
--- !u!29 &1
OcclusionCullingSettings:
  m_ObjectHideFlags: 0
  serializedVersion: 2
  m_OcclusionBakeSettings:
    smallestOccluder: 5
    smallestHole: 0.25
    backfaceThreshold: 100
  m_SceneGUID: 00000000000000000000000000000000
  m_OcclusionCullingData: {fileID: 0}
--- !u!104 &2
RenderSettings:
  m_ObjectHideFlags: 0
  serializedVersion: 9
  m_Fog: 0
  m_FogColor: {r: 0.5, g: 0.5, b: 0.5, a: 1}
  m_FogMode: 3
  m_FogDensity: 0.01
  m_LinearFogStart: 0
  m_LinearFogEnd: 300
  m_AmbientSkyColor: {r: 0.212, g: 0.227, b: 0.259, a: 1}
  m_AmbientEquatorColor: {r: 0.114, g: 0.125, b: 0.133, a: 1}
  m_AmbientGroundColor: {r: 0.047, g: 0.043, b: 0.035, a: 1}
  m_AmbientIntensity: 1
  m_AmbientMode: 0
  m_SubtractiveShadowColor: {r: 0.42, g: 0.478, b: 0.627, a: 1}
  m_SkyboxMaterial: {fileID: 10304, guid: 0000000000000000f000000000000000, type: 0}
  m_HaloStrength: 0.5
  m_FlareStrength: 1
  m_FlareFadeSpeed: 3
  m_HaloTexture: {fileID: 0}
  m_SpotCookie: {fileID: 10001, guid: 0000000000000000e000000000000000, type: 0}
  m_DefaultReflectionMode: 0
  m_DefaultReflectionResolution: 128
  m_ReflectionBounces: 1
  m_ReflectionIntensity: 1
  m_CustomReflection: {fileID: 0}
  m_Sun: {fileID: 0}
  m_IndirectSpecularColor: {r: 0, g: 0, b: 0, a: 1}
  m_UseRadianceAmbientProbe: 0
--- !u!157 &3
LightmapSettings:
  m_ObjectHideFlags: 0
  serializedVersion: 11
  m_GIWorkflowMode: 1
  m_GISettings:
    serializedVersion: 2
    m_BounceScale: 1
    m_IndirectOutputScale: 1
    m_AlbedoBoost: 1
    m_EnvironmentLightingMode: 0
    m_EnableBakedLightmaps: 1
    m_EnableRealtimeLightmaps: 1
  m_LightmapEditorSettings:
    serializedVersion: 10
    m_Resolution: 2
    m_BakeResolution: 40
    m_AtlasSize: 1024
    m_AO: 0
    m_AOMaxDistance: 1
    m_CompAOExponent: 1
    m_CompAOExponentDirect: 0
    m_Padding: 2
    m_LightmapParameters: {fileID: 0}
    m_LightmapsBakeMode: 1
    m_TextureCompression: 1
    m_FinalGather: 0
    m_FinalGatherFiltering: 1
    m_FinalGatherRayCount: 256
    m_ReflectionCompression: 2
    m_MixedBakeMode: 2
    m_BakeBackend: 1
    m_PVRSampling: 1
    m_PVRDirectSampleCount: 32
    m_PVRSampleCount: 512
    m_PVRBounces: 2
    m_PVRFilterTypeDirect: 0
    m_PVRFilterTypeIndirect: 0
    m_PVRFilterTypeAO: 0
    m_PVRFilteringMode: 1
    m_PVRCulling: 1
    m_PVRFilteringGaussRadiusDirect: 1
    m_PVRFilteringGaussRadiusIndirect: 5
    m_PVRFilteringGaussRadiusAO: 2
    m_PVRFilteringAtrousPositionSigmaDirect: 0.5
    m_PVRFilteringAtrousPositionSigmaIndirect: 2
    m_PVRFilteringAtrousPositionSigmaAO: 1
    m_ShowResolutionOverlay: 1
  m_LightingDataAsset: {fileID: 0}
  m_UseShadowmask: 1
--- !u!196 &4
NavMeshSettings:
  serializedVersion: 2
  m_ObjectHideFlags: 0
  m_BuildSettings:
    serializedVersion: 2
    agentTypeID: 0
    agentRadius: 0.5
    agentHeight: 2
    agentSlope: 45
    agentClimb: 0.4
    ledgeDropHeight: 0
    maxJumpAcrossDistance: 0
    minRegionArea: 2
    manualCellSize: 0
    cellSize: 0.16666667
    manualTileSize: 0
    tileSize: 256
    accuratePlacement: 0
    debug:
      m_Flags: 0
  m_NavMeshData: {fileID: 0}
--- !u!1001 &29726444
PrefabInstance:
  m_ObjectHideFlags: 0
  serializedVersion: 2
  m_Modification:
    m_TransformParent: {fileID: 1900324576}
    m_Modifications:
    - target: {fileID: 139516, guid: 4246925f0393c430189bb4ceba36dc8a, type: 3}
      propertyPath: m_Name
      value: Kegel (3)
      objectReference: {fileID: 0}
    - target: {fileID: 424252, guid: 4246925f0393c430189bb4ceba36dc8a, type: 3}
      propertyPath: m_LocalPosition.x
      value: -4
      objectReference: {fileID: 0}
    - target: {fileID: 424252, guid: 4246925f0393c430189bb4ceba36dc8a, type: 3}
      propertyPath: m_LocalPosition.y
      value: 0
      objectReference: {fileID: 0}
    - target: {fileID: 424252, guid: 4246925f0393c430189bb4ceba36dc8a, type: 3}
      propertyPath: m_LocalPosition.z
      value: 4
      objectReference: {fileID: 0}
    - target: {fileID: 424252, guid: 4246925f0393c430189bb4ceba36dc8a, type: 3}
      propertyPath: m_LocalRotation.x
      value: -0
      objectReference: {fileID: 0}
    - target: {fileID: 424252, guid: 4246925f0393c430189bb4ceba36dc8a, type: 3}
      propertyPath: m_LocalRotation.y
      value: -0
      objectReference: {fileID: 0}
    - target: {fileID: 424252, guid: 4246925f0393c430189bb4ceba36dc8a, type: 3}
      propertyPath: m_LocalRotation.z
      value: -0
      objectReference: {fileID: 0}
    - target: {fileID: 424252, guid: 4246925f0393c430189bb4ceba36dc8a, type: 3}
      propertyPath: m_LocalRotation.w
      value: 1
      objectReference: {fileID: 0}
    - target: {fileID: 424252, guid: 4246925f0393c430189bb4ceba36dc8a, type: 3}
      propertyPath: m_RootOrder
      value: 4
      objectReference: {fileID: 0}
    m_RemovedComponents: []
  m_SourcePrefab: {fileID: 100100000, guid: 4246925f0393c430189bb4ceba36dc8a, type: 3}
--- !u!4 &29726445 stripped
Transform:
  m_CorrespondingSourceObject: {fileID: 424252, guid: 4246925f0393c430189bb4ceba36dc8a,
    type: 3}
  m_PrefabInstance: {fileID: 29726444}
  m_PrefabAsset: {fileID: 0}
--- !u!1001 &282916225
PrefabInstance:
  m_ObjectHideFlags: 0
  serializedVersion: 2
  m_Modification:
    m_TransformParent: {fileID: 1900324576}
    m_Modifications:
    - target: {fileID: 100000, guid: 66e951b1635845849873bcd03340c38c, type: 3}
      propertyPath: m_Name
      value: AimingHint
      objectReference: {fileID: 0}
    - target: {fileID: 400000, guid: 66e951b1635845849873bcd03340c38c, type: 3}
      propertyPath: m_LocalPosition.x
      value: 49.74
      objectReference: {fileID: 0}
    - target: {fileID: 400000, guid: 66e951b1635845849873bcd03340c38c, type: 3}
      propertyPath: m_LocalPosition.y
      value: 0.168
      objectReference: {fileID: 0}
    - target: {fileID: 400000, guid: 66e951b1635845849873bcd03340c38c, type: 3}
      propertyPath: m_LocalPosition.z
      value: -0.58
      objectReference: {fileID: 0}
    - target: {fileID: 400000, guid: 66e951b1635845849873bcd03340c38c, type: 3}
      propertyPath: m_LocalRotation.x
      value: 0
      objectReference: {fileID: 0}
    - target: {fileID: 400000, guid: 66e951b1635845849873bcd03340c38c, type: 3}
      propertyPath: m_LocalRotation.y
      value: 0.7071068
      objectReference: {fileID: 0}
    - target: {fileID: 400000, guid: 66e951b1635845849873bcd03340c38c, type: 3}
      propertyPath: m_LocalRotation.z
      value: 0
      objectReference: {fileID: 0}
    - target: {fileID: 400000, guid: 66e951b1635845849873bcd03340c38c, type: 3}
      propertyPath: m_LocalRotation.w
      value: 0.7071068
      objectReference: {fileID: 0}
    - target: {fileID: 400000, guid: 66e951b1635845849873bcd03340c38c, type: 3}
      propertyPath: m_RootOrder
      value: 12
      objectReference: {fileID: 0}
    - target: {fileID: 400000, guid: 66e951b1635845849873bcd03340c38c, type: 3}
      propertyPath: m_LocalEulerAnglesHint.x
      value: 0
      objectReference: {fileID: 0}
    - target: {fileID: 400000, guid: 66e951b1635845849873bcd03340c38c, type: 3}
      propertyPath: m_LocalEulerAnglesHint.y
      value: 90
      objectReference: {fileID: 0}
    - target: {fileID: 400000, guid: 66e951b1635845849873bcd03340c38c, type: 3}
      propertyPath: m_LocalEulerAnglesHint.z
      value: 0
      objectReference: {fileID: 0}
    - target: {fileID: 400000, guid: 66e951b1635845849873bcd03340c38c, type: 3}
      propertyPath: m_LocalScale.x
      value: 143.8739
      objectReference: {fileID: 0}
    - target: {fileID: 400000, guid: 66e951b1635845849873bcd03340c38c, type: 3}
      propertyPath: m_LocalScale.y
      value: 143.87384
      objectReference: {fileID: 0}
    - target: {fileID: 400000, guid: 66e951b1635845849873bcd03340c38c, type: 3}
      propertyPath: m_LocalScale.z
      value: 143.8739
      objectReference: {fileID: 0}
    m_RemovedComponents: []
  m_SourcePrefab: {fileID: 100100000, guid: 66e951b1635845849873bcd03340c38c, type: 3}
--- !u!1001 &347319950
PrefabInstance:
  m_ObjectHideFlags: 0
  serializedVersion: 2
  m_Modification:
    m_TransformParent: {fileID: 1900324576}
    m_Modifications:
    - target: {fileID: 139516, guid: 4246925f0393c430189bb4ceba36dc8a, type: 3}
      propertyPath: m_Name
      value: Kegel (9)
      objectReference: {fileID: 0}
    - target: {fileID: 424252, guid: 4246925f0393c430189bb4ceba36dc8a, type: 3}
      propertyPath: m_LocalPosition.x
      value: -5.9
      objectReference: {fileID: 0}
    - target: {fileID: 424252, guid: 4246925f0393c430189bb4ceba36dc8a, type: 3}
      propertyPath: m_LocalPosition.y
      value: 0
      objectReference: {fileID: 0}
    - target: {fileID: 424252, guid: 4246925f0393c430189bb4ceba36dc8a, type: 3}
      propertyPath: m_LocalPosition.z
      value: 5.57
      objectReference: {fileID: 0}
    - target: {fileID: 424252, guid: 4246925f0393c430189bb4ceba36dc8a, type: 3}
      propertyPath: m_LocalRotation.x
      value: -0
      objectReference: {fileID: 0}
    - target: {fileID: 424252, guid: 4246925f0393c430189bb4ceba36dc8a, type: 3}
      propertyPath: m_LocalRotation.y
      value: -0
      objectReference: {fileID: 0}
    - target: {fileID: 424252, guid: 4246925f0393c430189bb4ceba36dc8a, type: 3}
      propertyPath: m_LocalRotation.z
      value: -0
      objectReference: {fileID: 0}
    - target: {fileID: 424252, guid: 4246925f0393c430189bb4ceba36dc8a, type: 3}
      propertyPath: m_LocalRotation.w
      value: 1
      objectReference: {fileID: 0}
    - target: {fileID: 424252, guid: 4246925f0393c430189bb4ceba36dc8a, type: 3}
      propertyPath: m_RootOrder
      value: 10
      objectReference: {fileID: 0}
    m_RemovedComponents: []
  m_SourcePrefab: {fileID: 100100000, guid: 4246925f0393c430189bb4ceba36dc8a, type: 3}
--- !u!4 &347319951 stripped
Transform:
  m_CorrespondingSourceObject: {fileID: 424252, guid: 4246925f0393c430189bb4ceba36dc8a,
    type: 3}
  m_PrefabInstance: {fileID: 347319950}
  m_PrefabAsset: {fileID: 0}
--- !u!1001 &364592525
PrefabInstance:
  m_ObjectHideFlags: 0
  serializedVersion: 2
  m_Modification:
    m_TransformParent: {fileID: 1900324576}
    m_Modifications:
    - target: {fileID: 139516, guid: 4246925f0393c430189bb4ceba36dc8a, type: 3}
      propertyPath: m_Name
      value: Kegel (5)
      objectReference: {fileID: 0}
    - target: {fileID: 424252, guid: 4246925f0393c430189bb4ceba36dc8a, type: 3}
      propertyPath: m_LocalPosition.x
      value: -4
      objectReference: {fileID: 0}
    - target: {fileID: 424252, guid: 4246925f0393c430189bb4ceba36dc8a, type: 3}
      propertyPath: m_LocalPosition.y
      value: 0
      objectReference: {fileID: 0}
    - target: {fileID: 424252, guid: 4246925f0393c430189bb4ceba36dc8a, type: 3}
      propertyPath: m_LocalPosition.z
      value: 0
      objectReference: {fileID: 0}
    - target: {fileID: 424252, guid: 4246925f0393c430189bb4ceba36dc8a, type: 3}
      propertyPath: m_LocalRotation.x
      value: -0
      objectReference: {fileID: 0}
    - target: {fileID: 424252, guid: 4246925f0393c430189bb4ceba36dc8a, type: 3}
      propertyPath: m_LocalRotation.y
      value: -0
      objectReference: {fileID: 0}
    - target: {fileID: 424252, guid: 4246925f0393c430189bb4ceba36dc8a, type: 3}
      propertyPath: m_LocalRotation.z
      value: -0
      objectReference: {fileID: 0}
    - target: {fileID: 424252, guid: 4246925f0393c430189bb4ceba36dc8a, type: 3}
      propertyPath: m_LocalRotation.w
      value: 1
      objectReference: {fileID: 0}
    - target: {fileID: 424252, guid: 4246925f0393c430189bb4ceba36dc8a, type: 3}
      propertyPath: m_RootOrder
      value: 6
      objectReference: {fileID: 0}
    m_RemovedComponents: []
  m_SourcePrefab: {fileID: 100100000, guid: 4246925f0393c430189bb4ceba36dc8a, type: 3}
--- !u!4 &364592526 stripped
Transform:
  m_CorrespondingSourceObject: {fileID: 424252, guid: 4246925f0393c430189bb4ceba36dc8a,
    type: 3}
  m_PrefabInstance: {fileID: 364592525}
  m_PrefabAsset: {fileID: 0}
--- !u!1 &496240056 stripped
GameObject:
  m_CorrespondingSourceObject: {fileID: 184454, guid: ac1af96fd5e0f4f9e97339b652aa389b,
    type: 3}
  m_PrefabInstance: {fileID: 1845812033}
  m_PrefabAsset: {fileID: 0}
--- !u!1 &741012747
GameObject:
  m_ObjectHideFlags: 0
  m_CorrespondingSourceObject: {fileID: 0}
  m_PrefabInstance: {fileID: 0}
  m_PrefabAsset: {fileID: 0}
  serializedVersion: 6
  m_Component:
  - component: {fileID: 741012752}
  - component: {fileID: 741012751}
  - component: {fileID: 741012750}
  - component: {fileID: 741012748}
  m_Layer: 0
  m_Name: Camera
  m_TagString: MainCamera
  m_Icon: {fileID: 0}
  m_NavMeshLayer: 0
  m_StaticEditorFlags: 0
  m_IsActive: 1
--- !u!81 &741012748
AudioListener:
  m_ObjectHideFlags: 0
  m_CorrespondingSourceObject: {fileID: 0}
  m_PrefabInstance: {fileID: 0}
  m_PrefabAsset: {fileID: 0}
  m_GameObject: {fileID: 741012747}
  m_Enabled: 1
--- !u!124 &741012750
Behaviour:
  m_ObjectHideFlags: 0
  m_CorrespondingSourceObject: {fileID: 0}
  m_PrefabInstance: {fileID: 0}
  m_PrefabAsset: {fileID: 0}
  m_GameObject: {fileID: 741012747}
  m_Enabled: 1
--- !u!20 &741012751
Camera:
  m_ObjectHideFlags: 0
  m_CorrespondingSourceObject: {fileID: 0}
  m_PrefabInstance: {fileID: 0}
  m_PrefabAsset: {fileID: 0}
  m_GameObject: {fileID: 741012747}
  m_Enabled: 1
  serializedVersion: 2
  m_ClearFlags: 2
  m_BackGroundColor: {r: 0.20000002, g: 0.22352943, b: 0.227451, a: 0.019607844}
  m_projectionMatrixMode: 2
  m_SensorSize: {x: 54.12, y: 25.59}
  m_LensShift: {x: 0, y: 0}
  m_GateFitMode: 2
  m_FocalLength: 38.240227
  m_NormalizedViewPortRect:
    serializedVersion: 2
    x: 0
    y: 0
    width: 1
    height: 1
  near clip plane: 0.3
  far clip plane: 1000
  field of view: 37
  orthographic: 0
  orthographic size: 5
  m_Depth: 0
  m_CullingMask:
    serializedVersion: 2
    m_Bits: 4294967295
  m_RenderingPath: -1
  m_TargetTexture: {fileID: 0}
  m_TargetDisplay: 0
  m_TargetEye: 3
  m_HDR: 0
  m_AllowMSAA: 1
  m_AllowDynamicResolution: 0
  m_ForceIntoRT: 0
  m_OcclusionCulling: 1
  m_StereoConvergence: 10
  m_StereoSeparation: 0.022
--- !u!4 &741012752
Transform:
  m_ObjectHideFlags: 0
  m_CorrespondingSourceObject: {fileID: 0}
  m_PrefabInstance: {fileID: 0}
  m_PrefabAsset: {fileID: 0}
  m_GameObject: {fileID: 741012747}
  m_LocalRotation: {x: 0.08398196, y: -0.7075136, z: 0.0853116, w: 0.69648653}
  m_LocalPosition: {x: 72.5, y: 11.1, z: -0.2}
  m_LocalScale: {x: 1, y: 1, z: 1}
  m_Children: []
  m_Father: {fileID: 0}
  m_RootOrder: 0
  m_LocalEulerAnglesHint: {x: 13.751, y: -90.9, z: 0}
--- !u!1001 &969796391
PrefabInstance:
  m_ObjectHideFlags: 0
  serializedVersion: 2
  m_Modification:
    m_TransformParent: {fileID: 1900324576}
    m_Modifications:
    - target: {fileID: 139516, guid: 4246925f0393c430189bb4ceba36dc8a, type: 3}
      propertyPath: m_Name
      value: Kegel (1)
      objectReference: {fileID: 0}
    - target: {fileID: 424252, guid: 4246925f0393c430189bb4ceba36dc8a, type: 3}
      propertyPath: m_LocalPosition.x
      value: -2
      objectReference: {fileID: 0}
    - target: {fileID: 424252, guid: 4246925f0393c430189bb4ceba36dc8a, type: 3}
      propertyPath: m_LocalPosition.y
      value: 0
      objectReference: {fileID: 0}
    - target: {fileID: 424252, guid: 4246925f0393c430189bb4ceba36dc8a, type: 3}
      propertyPath: m_LocalPosition.z
      value: -2
      objectReference: {fileID: 0}
    - target: {fileID: 424252, guid: 4246925f0393c430189bb4ceba36dc8a, type: 3}
      propertyPath: m_LocalRotation.x
      value: -0
      objectReference: {fileID: 0}
    - target: {fileID: 424252, guid: 4246925f0393c430189bb4ceba36dc8a, type: 3}
      propertyPath: m_LocalRotation.y
      value: -0
      objectReference: {fileID: 0}
    - target: {fileID: 424252, guid: 4246925f0393c430189bb4ceba36dc8a, type: 3}
      propertyPath: m_LocalRotation.z
      value: -0
      objectReference: {fileID: 0}
    - target: {fileID: 424252, guid: 4246925f0393c430189bb4ceba36dc8a, type: 3}
      propertyPath: m_LocalRotation.w
      value: 1
      objectReference: {fileID: 0}
    - target: {fileID: 424252, guid: 4246925f0393c430189bb4ceba36dc8a, type: 3}
      propertyPath: m_RootOrder
      value: 2
      objectReference: {fileID: 0}
    m_RemovedComponents: []
  m_SourcePrefab: {fileID: 100100000, guid: 4246925f0393c430189bb4ceba36dc8a, type: 3}
--- !u!4 &969796392 stripped
Transform:
  m_CorrespondingSourceObject: {fileID: 424252, guid: 4246925f0393c430189bb4ceba36dc8a,
    type: 3}
  m_PrefabInstance: {fileID: 969796391}
  m_PrefabAsset: {fileID: 0}
--- !u!1 &984907334
GameObject:
  m_ObjectHideFlags: 0
  m_CorrespondingSourceObject: {fileID: 0}
  m_PrefabInstance: {fileID: 0}
  m_PrefabAsset: {fileID: 0}
  serializedVersion: 6
  m_Component:
  - component: {fileID: 984907335}
  - component: {fileID: 984907336}
  m_Layer: 0
  m_Name: Reflection Probe
  m_TagString: Untagged
  m_Icon: {fileID: 0}
  m_NavMeshLayer: 0
  m_StaticEditorFlags: 0
  m_IsActive: 1
--- !u!4 &984907335
Transform:
  m_ObjectHideFlags: 0
  m_CorrespondingSourceObject: {fileID: 0}
  m_PrefabInstance: {fileID: 0}
  m_PrefabAsset: {fileID: 0}
  m_GameObject: {fileID: 984907334}
  m_LocalRotation: {x: 0, y: 0, z: 0, w: 1}
  m_LocalPosition: {x: 0, y: 0, z: 0}
  m_LocalScale: {x: 1, y: 1, z: 1}
  m_Children: []
  m_Father: {fileID: 1851374330}
  m_RootOrder: 1
  m_LocalEulerAnglesHint: {x: 0, y: 0, z: 0}
--- !u!215 &984907336
ReflectionProbe:
  m_ObjectHideFlags: 0
  m_CorrespondingSourceObject: {fileID: 0}
  m_PrefabInstance: {fileID: 0}
  m_PrefabAsset: {fileID: 0}
  m_GameObject: {fileID: 984907334}
  m_Enabled: 1
  serializedVersion: 2
  m_Type: 0
  m_Mode: 1
  m_RefreshMode: 0
  m_TimeSlicingMode: 0
  m_Resolution: 128
  m_UpdateFrequency: 0
  m_BoxSize: {x: 50, y: 50, z: 50}
  m_BoxOffset: {x: 0, y: 0, z: 0}
  m_NearClip: 0.3
  m_FarClip: 1000
  m_ShadowDistance: 100
  m_ClearFlags: 1
  m_BackGroundColor: {r: 0.19215687, g: 0.3019608, b: 0.4745098, a: 0}
  m_CullingMask:
    serializedVersion: 2
    m_Bits: 4294967295
  m_IntensityMultiplier: 1
  m_BlendDistance: 1
  m_HDR: 1
  m_BoxProjection: 0
  m_RenderDynamicObjects: 0
  m_UseOcclusionCulling: 1
  m_Importance: 1
  m_CustomBakedTexture: {fileID: 0}
--- !u!1001 &1138444064
PrefabInstance:
  m_ObjectHideFlags: 0
  serializedVersion: 2
  m_Modification:
    m_TransformParent: {fileID: 1900324576}
    m_Modifications:
    - target: {fileID: 139516, guid: 4246925f0393c430189bb4ceba36dc8a, type: 3}
      propertyPath: m_Name
      value: Kegel
      objectReference: {fileID: 0}
    - target: {fileID: 424252, guid: 4246925f0393c430189bb4ceba36dc8a, type: 3}
      propertyPath: m_LocalPosition.x
      value: 0
      objectReference: {fileID: 0}
    - target: {fileID: 424252, guid: 4246925f0393c430189bb4ceba36dc8a, type: 3}
      propertyPath: m_LocalPosition.y
      value: 0
      objectReference: {fileID: 0}
    - target: {fileID: 424252, guid: 4246925f0393c430189bb4ceba36dc8a, type: 3}
      propertyPath: m_LocalPosition.z
      value: 0
      objectReference: {fileID: 0}
    - target: {fileID: 424252, guid: 4246925f0393c430189bb4ceba36dc8a, type: 3}
      propertyPath: m_LocalRotation.x
      value: -0
      objectReference: {fileID: 0}
    - target: {fileID: 424252, guid: 4246925f0393c430189bb4ceba36dc8a, type: 3}
      propertyPath: m_LocalRotation.y
      value: -0
      objectReference: {fileID: 0}
    - target: {fileID: 424252, guid: 4246925f0393c430189bb4ceba36dc8a, type: 3}
      propertyPath: m_LocalRotation.z
      value: -0
      objectReference: {fileID: 0}
    - target: {fileID: 424252, guid: 4246925f0393c430189bb4ceba36dc8a, type: 3}
      propertyPath: m_LocalRotation.w
      value: 1
      objectReference: {fileID: 0}
    - target: {fileID: 424252, guid: 4246925f0393c430189bb4ceba36dc8a, type: 3}
      propertyPath: m_RootOrder
      value: 1
      objectReference: {fileID: 0}
    - target: {fileID: 424252, guid: 4246925f0393c430189bb4ceba36dc8a, type: 3}
      propertyPath: m_LocalEulerAnglesHint.x
      value: 0
      objectReference: {fileID: 0}
    - target: {fileID: 424252, guid: 4246925f0393c430189bb4ceba36dc8a, type: 3}
      propertyPath: m_LocalEulerAnglesHint.y
      value: 0
      objectReference: {fileID: 0}
    - target: {fileID: 424252, guid: 4246925f0393c430189bb4ceba36dc8a, type: 3}
      propertyPath: m_LocalEulerAnglesHint.z
      value: 0
      objectReference: {fileID: 0}
    m_RemovedComponents: []
  m_SourcePrefab: {fileID: 100100000, guid: 4246925f0393c430189bb4ceba36dc8a, type: 3}
--- !u!4 &1138444065 stripped
Transform:
  m_CorrespondingSourceObject: {fileID: 424252, guid: 4246925f0393c430189bb4ceba36dc8a,
    type: 3}
  m_PrefabInstance: {fileID: 1138444064}
  m_PrefabAsset: {fileID: 0}
--- !u!1001 &1184337785
PrefabInstance:
  m_ObjectHideFlags: 0
  serializedVersion: 2
  m_Modification:
    m_TransformParent: {fileID: 1900324576}
    m_Modifications:
    - target: {fileID: 139516, guid: 4246925f0393c430189bb4ceba36dc8a, type: 3}
      propertyPath: m_Name
      value: Kegel (4)
      objectReference: {fileID: 0}
    - target: {fileID: 424252, guid: 4246925f0393c430189bb4ceba36dc8a, type: 3}
      propertyPath: m_LocalPosition.x
      value: -4
      objectReference: {fileID: 0}
    - target: {fileID: 424252, guid: 4246925f0393c430189bb4ceba36dc8a, type: 3}
      propertyPath: m_LocalPosition.y
      value: 0
      objectReference: {fileID: 0}
    - target: {fileID: 424252, guid: 4246925f0393c430189bb4ceba36dc8a, type: 3}
      propertyPath: m_LocalPosition.z
      value: -4
      objectReference: {fileID: 0}
    - target: {fileID: 424252, guid: 4246925f0393c430189bb4ceba36dc8a, type: 3}
      propertyPath: m_LocalRotation.x
      value: -0
      objectReference: {fileID: 0}
    - target: {fileID: 424252, guid: 4246925f0393c430189bb4ceba36dc8a, type: 3}
      propertyPath: m_LocalRotation.y
      value: -0
      objectReference: {fileID: 0}
    - target: {fileID: 424252, guid: 4246925f0393c430189bb4ceba36dc8a, type: 3}
      propertyPath: m_LocalRotation.z
      value: -0
      objectReference: {fileID: 0}
    - target: {fileID: 424252, guid: 4246925f0393c430189bb4ceba36dc8a, type: 3}
      propertyPath: m_LocalRotation.w
      value: 1
      objectReference: {fileID: 0}
    - target: {fileID: 424252, guid: 4246925f0393c430189bb4ceba36dc8a, type: 3}
      propertyPath: m_RootOrder
      value: 5
      objectReference: {fileID: 0}
    m_RemovedComponents: []
  m_SourcePrefab: {fileID: 100100000, guid: 4246925f0393c430189bb4ceba36dc8a, type: 3}
--- !u!4 &1184337786 stripped
Transform:
  m_CorrespondingSourceObject: {fileID: 424252, guid: 4246925f0393c430189bb4ceba36dc8a,
    type: 3}
  m_PrefabInstance: {fileID: 1184337785}
  m_PrefabAsset: {fileID: 0}
--- !u!1001 &1293368855
PrefabInstance:
  m_ObjectHideFlags: 0
  serializedVersion: 2
  m_Modification:
    m_TransformParent: {fileID: 1900324576}
    m_Modifications:
    - target: {fileID: 139516, guid: 4246925f0393c430189bb4ceba36dc8a, type: 3}
      propertyPath: m_Name
      value: Kegel (6)
      objectReference: {fileID: 0}
    - target: {fileID: 424252, guid: 4246925f0393c430189bb4ceba36dc8a, type: 3}
      propertyPath: m_LocalPosition.x
      value: -6
      objectReference: {fileID: 0}
    - target: {fileID: 424252, guid: 4246925f0393c430189bb4ceba36dc8a, type: 3}
      propertyPath: m_LocalPosition.y
      value: 0
      objectReference: {fileID: 0}
    - target: {fileID: 424252, guid: 4246925f0393c430189bb4ceba36dc8a, type: 3}
      propertyPath: m_LocalPosition.z
      value: -2
      objectReference: {fileID: 0}
    - target: {fileID: 424252, guid: 4246925f0393c430189bb4ceba36dc8a, type: 3}
      propertyPath: m_LocalRotation.x
      value: -0
      objectReference: {fileID: 0}
    - target: {fileID: 424252, guid: 4246925f0393c430189bb4ceba36dc8a, type: 3}
      propertyPath: m_LocalRotation.y
      value: -0
      objectReference: {fileID: 0}
    - target: {fileID: 424252, guid: 4246925f0393c430189bb4ceba36dc8a, type: 3}
      propertyPath: m_LocalRotation.z
      value: -0
      objectReference: {fileID: 0}
    - target: {fileID: 424252, guid: 4246925f0393c430189bb4ceba36dc8a, type: 3}
      propertyPath: m_LocalRotation.w
      value: 1
      objectReference: {fileID: 0}
    - target: {fileID: 424252, guid: 4246925f0393c430189bb4ceba36dc8a, type: 3}
      propertyPath: m_RootOrder
      value: 7
      objectReference: {fileID: 0}
    m_RemovedComponents: []
  m_SourcePrefab: {fileID: 100100000, guid: 4246925f0393c430189bb4ceba36dc8a, type: 3}
--- !u!4 &1293368856 stripped
Transform:
  m_CorrespondingSourceObject: {fileID: 424252, guid: 4246925f0393c430189bb4ceba36dc8a,
    type: 3}
  m_PrefabInstance: {fileID: 1293368855}
  m_PrefabAsset: {fileID: 0}
--- !u!1 &1304849879
GameObject:
  m_ObjectHideFlags: 0
  m_CorrespondingSourceObject: {fileID: 0}
  m_PrefabInstance: {fileID: 0}
  m_PrefabAsset: {fileID: 0}
  serializedVersion: 6
  m_Component:
  - component: {fileID: 1304849880}
  - component: {fileID: 1304849881}
  m_Layer: 0
  m_Name: Directional Light
  m_TagString: Untagged
  m_Icon: {fileID: 0}
  m_NavMeshLayer: 0
  m_StaticEditorFlags: 0
  m_IsActive: 1
--- !u!4 &1304849880
Transform:
  m_ObjectHideFlags: 0
  m_CorrespondingSourceObject: {fileID: 0}
  m_PrefabInstance: {fileID: 0}
  m_PrefabAsset: {fileID: 0}
  m_GameObject: {fileID: 1304849879}
  m_LocalRotation: {x: 0.17793746, y: -0.822061, z: 0.3833333, w: 0.38158813}
  m_LocalPosition: {x: 0, y: 0, z: 0}
  m_LocalScale: {x: 1, y: 1, z: 1}
  m_Children: []
  m_Father: {fileID: 1851374330}
  m_RootOrder: 0
  m_LocalEulerAnglesHint: {x: 50, y: -130.2, z: 0}
--- !u!108 &1304849881
Light:
  m_ObjectHideFlags: 0
  m_CorrespondingSourceObject: {fileID: 0}
  m_PrefabInstance: {fileID: 0}
  m_PrefabAsset: {fileID: 0}
  m_GameObject: {fileID: 1304849879}
  m_Enabled: 1
  serializedVersion: 8
  m_Type: 1
  m_Color: {r: 1, g: 1, b: 1, a: 1}
  m_Intensity: 1
  m_Range: 10
  m_SpotAngle: 30
  m_CookieSize: 10
  m_Shadows:
    m_Type: 2
    m_Resolution: -1
    m_CustomResolution: -1
    m_Strength: 1
    m_Bias: 0.05
    m_NormalBias: 0.4
    m_NearPlane: 0.2
  m_Cookie: {fileID: 0}
  m_DrawHalo: 0
  m_Flare: {fileID: 0}
  m_RenderMode: 0
  m_CullingMask:
    serializedVersion: 2
    m_Bits: 4294967295
  m_Lightmapping: 1
  m_LightShadowCasterMode: 0
  m_AreaSize: {x: 1, y: 1}
  m_BounceIntensity: 1
  m_ColorTemperature: 6570
  m_UseColorTemperature: 0
  m_ShadowRadius: 0
  m_ShadowAngle: 2
--- !u!1001 &1534303427
PrefabInstance:
  m_ObjectHideFlags: 0
  serializedVersion: 2
  m_Modification:
    m_TransformParent: {fileID: 1900324576}
    m_Modifications:
    - target: {fileID: 139516, guid: 4246925f0393c430189bb4ceba36dc8a, type: 3}
      propertyPath: m_Name
      value: Kegel (7)
      objectReference: {fileID: 0}
    - target: {fileID: 424252, guid: 4246925f0393c430189bb4ceba36dc8a, type: 3}
      propertyPath: m_LocalPosition.x
      value: -6
      objectReference: {fileID: 0}
    - target: {fileID: 424252, guid: 4246925f0393c430189bb4ceba36dc8a, type: 3}
      propertyPath: m_LocalPosition.y
      value: 0
      objectReference: {fileID: 0}
    - target: {fileID: 424252, guid: 4246925f0393c430189bb4ceba36dc8a, type: 3}
      propertyPath: m_LocalPosition.z
      value: 2
      objectReference: {fileID: 0}
    - target: {fileID: 424252, guid: 4246925f0393c430189bb4ceba36dc8a, type: 3}
      propertyPath: m_LocalRotation.x
      value: -0
      objectReference: {fileID: 0}
    - target: {fileID: 424252, guid: 4246925f0393c430189bb4ceba36dc8a, type: 3}
      propertyPath: m_LocalRotation.y
      value: -0
      objectReference: {fileID: 0}
    - target: {fileID: 424252, guid: 4246925f0393c430189bb4ceba36dc8a, type: 3}
      propertyPath: m_LocalRotation.z
      value: -0
      objectReference: {fileID: 0}
    - target: {fileID: 424252, guid: 4246925f0393c430189bb4ceba36dc8a, type: 3}
      propertyPath: m_LocalRotation.w
      value: 1
      objectReference: {fileID: 0}
    - target: {fileID: 424252, guid: 4246925f0393c430189bb4ceba36dc8a, type: 3}
      propertyPath: m_RootOrder
      value: 8
      objectReference: {fileID: 0}
    m_RemovedComponents: []
  m_SourcePrefab: {fileID: 100100000, guid: 4246925f0393c430189bb4ceba36dc8a, type: 3}
--- !u!4 &1534303428 stripped
Transform:
  m_CorrespondingSourceObject: {fileID: 424252, guid: 4246925f0393c430189bb4ceba36dc8a,
    type: 3}
  m_PrefabInstance: {fileID: 1534303427}
  m_PrefabAsset: {fileID: 0}
--- !u!1 &1547842957
GameObject:
  m_ObjectHideFlags: 0
  m_CorrespondingSourceObject: {fileID: 0}
  m_PrefabInstance: {fileID: 0}
  m_PrefabAsset: {fileID: 0}
  serializedVersion: 6
  m_Component:
  - component: {fileID: 1547842958}
  m_Layer: 0
  m_Name: AimingTarget
  m_TagString: Untagged
  m_Icon: {fileID: 0}
  m_NavMeshLayer: 0
  m_StaticEditorFlags: 0
  m_IsActive: 1
--- !u!4 &1547842958
Transform:
  m_ObjectHideFlags: 0
  m_CorrespondingSourceObject: {fileID: 0}
  m_PrefabInstance: {fileID: 0}
  m_PrefabAsset: {fileID: 0}
  m_GameObject: {fileID: 1547842957}
  m_LocalRotation: {x: 0, y: 0, z: 0, w: 1}
  m_LocalPosition: {x: -0, y: 0, z: -0.076}
  m_LocalScale: {x: 1, y: 1, z: 1}
  m_Children: []
  m_Father: {fileID: 1896720240}
  m_RootOrder: 3
  m_LocalEulerAnglesHint: {x: 0, y: 0, z: 0}
--- !u!1001 &1745686539
PrefabInstance:
  m_ObjectHideFlags: 0
  serializedVersion: 2
  m_Modification:
    m_TransformParent: {fileID: 1900324576}
    m_Modifications:
    - target: {fileID: 139516, guid: 4246925f0393c430189bb4ceba36dc8a, type: 3}
      propertyPath: m_Name
      value: Kegel (8)
      objectReference: {fileID: 0}
    - target: {fileID: 424252, guid: 4246925f0393c430189bb4ceba36dc8a, type: 3}
      propertyPath: m_LocalPosition.x
      value: -5.82
      objectReference: {fileID: 0}
    - target: {fileID: 424252, guid: 4246925f0393c430189bb4ceba36dc8a, type: 3}
      propertyPath: m_LocalPosition.y
      value: 0
      objectReference: {fileID: 0}
    - target: {fileID: 424252, guid: 4246925f0393c430189bb4ceba36dc8a, type: 3}
      propertyPath: m_LocalPosition.z
      value: -6.02
      objectReference: {fileID: 0}
    - target: {fileID: 424252, guid: 4246925f0393c430189bb4ceba36dc8a, type: 3}
      propertyPath: m_LocalRotation.x
      value: -0
      objectReference: {fileID: 0}
    - target: {fileID: 424252, guid: 4246925f0393c430189bb4ceba36dc8a, type: 3}
      propertyPath: m_LocalRotation.y
      value: -0
      objectReference: {fileID: 0}
    - target: {fileID: 424252, guid: 4246925f0393c430189bb4ceba36dc8a, type: 3}
      propertyPath: m_LocalRotation.z
      value: -0
      objectReference: {fileID: 0}
    - target: {fileID: 424252, guid: 4246925f0393c430189bb4ceba36dc8a, type: 3}
      propertyPath: m_LocalRotation.w
      value: 1
      objectReference: {fileID: 0}
    - target: {fileID: 424252, guid: 4246925f0393c430189bb4ceba36dc8a, type: 3}
      propertyPath: m_RootOrder
      value: 9
      objectReference: {fileID: 0}
    m_RemovedComponents: []
  m_SourcePrefab: {fileID: 100100000, guid: 4246925f0393c430189bb4ceba36dc8a, type: 3}
--- !u!4 &1745686540 stripped
Transform:
  m_CorrespondingSourceObject: {fileID: 424252, guid: 4246925f0393c430189bb4ceba36dc8a,
    type: 3}
  m_PrefabInstance: {fileID: 1745686539}
  m_PrefabAsset: {fileID: 0}
--- !u!1001 &1845812033
PrefabInstance:
  m_ObjectHideFlags: 0
  serializedVersion: 2
  m_Modification:
    m_TransformParent: {fileID: 1900324576}
    m_Modifications:
    - target: {fileID: 127898, guid: ac1af96fd5e0f4f9e97339b652aa389b, type: 3}
      propertyPath: m_TagString
      value: Untagged
      objectReference: {fileID: 0}
    - target: {fileID: 127898, guid: ac1af96fd5e0f4f9e97339b652aa389b, type: 3}
      propertyPath: m_Layer
      value: 12
      objectReference: {fileID: 0}
    - target: {fileID: 184454, guid: ac1af96fd5e0f4f9e97339b652aa389b, type: 3}
      propertyPath: m_Name
      value: Ball
      objectReference: {fileID: 0}
    - target: {fileID: 184454, guid: ac1af96fd5e0f4f9e97339b652aa389b, type: 3}
      propertyPath: m_TagString
      value: Untagged
      objectReference: {fileID: 0}
    - target: {fileID: 184454, guid: ac1af96fd5e0f4f9e97339b652aa389b, type: 3}
      propertyPath: m_Layer
      value: 12
      objectReference: {fileID: 0}
    - target: {fileID: 451620, guid: ac1af96fd5e0f4f9e97339b652aa389b, type: 3}
      propertyPath: m_LocalPosition.x
      value: 51.12
      objectReference: {fileID: 0}
    - target: {fileID: 451620, guid: ac1af96fd5e0f4f9e97339b652aa389b, type: 3}
      propertyPath: m_LocalPosition.y
      value: 1.5
      objectReference: {fileID: 0}
    - target: {fileID: 451620, guid: ac1af96fd5e0f4f9e97339b652aa389b, type: 3}
      propertyPath: m_LocalPosition.z
      value: -0.55
      objectReference: {fileID: 0}
    - target: {fileID: 451620, guid: ac1af96fd5e0f4f9e97339b652aa389b, type: 3}
      propertyPath: m_LocalRotation.x
      value: -0
      objectReference: {fileID: 0}
    - target: {fileID: 451620, guid: ac1af96fd5e0f4f9e97339b652aa389b, type: 3}
      propertyPath: m_LocalRotation.y
      value: 0.6038658
      objectReference: {fileID: 0}
    - target: {fileID: 451620, guid: ac1af96fd5e0f4f9e97339b652aa389b, type: 3}
      propertyPath: m_LocalRotation.z
      value: -0
      objectReference: {fileID: 0}
    - target: {fileID: 451620, guid: ac1af96fd5e0f4f9e97339b652aa389b, type: 3}
      propertyPath: m_LocalRotation.w
      value: 0.79708606
      objectReference: {fileID: 0}
    - target: {fileID: 451620, guid: ac1af96fd5e0f4f9e97339b652aa389b, type: 3}
      propertyPath: m_RootOrder
      value: 0
      objectReference: {fileID: 0}
    - target: {fileID: 451620, guid: ac1af96fd5e0f4f9e97339b652aa389b, type: 3}
      propertyPath: m_LocalEulerAnglesHint.x
      value: 0
      objectReference: {fileID: 0}
    - target: {fileID: 451620, guid: ac1af96fd5e0f4f9e97339b652aa389b, type: 3}
      propertyPath: m_LocalEulerAnglesHint.y
      value: 74.295006
      objectReference: {fileID: 0}
    - target: {fileID: 451620, guid: ac1af96fd5e0f4f9e97339b652aa389b, type: 3}
      propertyPath: m_LocalEulerAnglesHint.z
      value: 0
      objectReference: {fileID: 0}
    - target: {fileID: 470776, guid: ac1af96fd5e0f4f9e97339b652aa389b, type: 3}
      propertyPath: m_LocalPosition.x
      value: 0
      objectReference: {fileID: 0}
    - target: {fileID: 470776, guid: ac1af96fd5e0f4f9e97339b652aa389b, type: 3}
      propertyPath: m_LocalPosition.z
      value: 0
      objectReference: {fileID: 0}
    - target: {fileID: 2057584410, guid: ac1af96fd5e0f4f9e97339b652aa389b, type: 3}
      propertyPath: AimingHint
      value: 
      objectReference: {fileID: 1896720239}
    - target: {fileID: 2057584410, guid: ac1af96fd5e0f4f9e97339b652aa389b, type: 3}
      propertyPath: AimingTarget
      value: 
      objectReference: {fileID: 1547842957}
    - target: {fileID: 30894960219848165, guid: ac1af96fd5e0f4f9e97339b652aa389b,
        type: 3}
      propertyPath: m_Layer
      value: 12
      objectReference: {fileID: 0}
    - target: {fileID: 6702825006832047684, guid: ac1af96fd5e0f4f9e97339b652aa389b,
        type: 3}
      propertyPath: m_Time
      value: 0.5
      objectReference: {fileID: 0}
    m_RemovedComponents: []
  m_SourcePrefab: {fileID: 100100000, guid: ac1af96fd5e0f4f9e97339b652aa389b, type: 3}
--- !u!4 &1845812034 stripped
Transform:
  m_CorrespondingSourceObject: {fileID: 451620, guid: ac1af96fd5e0f4f9e97339b652aa389b,
    type: 3}
  m_PrefabInstance: {fileID: 1845812033}
  m_PrefabAsset: {fileID: 0}
--- !u!1001 &1846001436
PrefabInstance:
  m_ObjectHideFlags: 0
  serializedVersion: 2
  m_Modification:
    m_TransformParent: {fileID: 1900324576}
    m_Modifications:
    - target: {fileID: 150686, guid: 5175215abd476495a9f9738b2ab104ec, type: 3}
      propertyPath: m_Name
      value: Floor
      objectReference: {fileID: 0}
    - target: {fileID: 487954, guid: 5175215abd476495a9f9738b2ab104ec, type: 3}
      propertyPath: m_LocalPosition.x
      value: 10.01
      objectReference: {fileID: 0}
    - target: {fileID: 487954, guid: 5175215abd476495a9f9738b2ab104ec, type: 3}
      propertyPath: m_LocalPosition.y
      value: 0
      objectReference: {fileID: 0}
    - target: {fileID: 487954, guid: 5175215abd476495a9f9738b2ab104ec, type: 3}
      propertyPath: m_LocalPosition.z
      value: -0.06
      objectReference: {fileID: 0}
    - target: {fileID: 487954, guid: 5175215abd476495a9f9738b2ab104ec, type: 3}
      propertyPath: m_LocalRotation.x
      value: -0
      objectReference: {fileID: 0}
    - target: {fileID: 487954, guid: 5175215abd476495a9f9738b2ab104ec, type: 3}
      propertyPath: m_LocalRotation.y
      value: -0
      objectReference: {fileID: 0}
    - target: {fileID: 487954, guid: 5175215abd476495a9f9738b2ab104ec, type: 3}
      propertyPath: m_LocalRotation.z
      value: -0
      objectReference: {fileID: 0}
    - target: {fileID: 487954, guid: 5175215abd476495a9f9738b2ab104ec, type: 3}
      propertyPath: m_LocalRotation.w
      value: 1
      objectReference: {fileID: 0}
    - target: {fileID: 487954, guid: 5175215abd476495a9f9738b2ab104ec, type: 3}
      propertyPath: m_RootOrder
      value: 11
      objectReference: {fileID: 0}
    - target: {fileID: 487954, guid: 5175215abd476495a9f9738b2ab104ec, type: 3}
      propertyPath: m_LocalEulerAnglesHint.x
      value: 0
      objectReference: {fileID: 0}
    - target: {fileID: 487954, guid: 5175215abd476495a9f9738b2ab104ec, type: 3}
      propertyPath: m_LocalEulerAnglesHint.y
      value: 0
      objectReference: {fileID: 0}
    - target: {fileID: 487954, guid: 5175215abd476495a9f9738b2ab104ec, type: 3}
      propertyPath: m_LocalEulerAnglesHint.z
      value: 0
      objectReference: {fileID: 0}
    - target: {fileID: 1320482388, guid: 5175215abd476495a9f9738b2ab104ec, type: 3}
      propertyPath: m_TagString
      value: Wall
      objectReference: {fileID: 0}
    - target: {fileID: 1320482390, guid: 5175215abd476495a9f9738b2ab104ec, type: 3}
      propertyPath: m_Size.x
      value: 11.160887
      objectReference: {fileID: 0}
    - target: {fileID: 1320482390, guid: 5175215abd476495a9f9738b2ab104ec, type: 3}
      propertyPath: m_Center.x
      value: 0.09324234
      objectReference: {fileID: 0}
    - target: {fileID: 1320482390, guid: 5175215abd476495a9f9738b2ab104ec, type: 3}
      propertyPath: m_Center.z
      value: -7.1
      objectReference: {fileID: 0}
    - target: {fileID: 1320482390, guid: 5175215abd476495a9f9738b2ab104ec, type: 3}
      propertyPath: m_Size.y
      value: 17.970814
      objectReference: {fileID: 0}
    - target: {fileID: 1320482390, guid: 5175215abd476495a9f9738b2ab104ec, type: 3}
      propertyPath: m_Center.y
      value: 4.87747
      objectReference: {fileID: 0}
    - target: {fileID: 1320482390, guid: 5175215abd476495a9f9738b2ab104ec, type: 3}
      propertyPath: m_Size.z
      value: 5
      objectReference: {fileID: 0}
    - target: {fileID: 1320482390, guid: 5175215abd476495a9f9738b2ab104ec, type: 3}
      propertyPath: m_Material
      value: 
      objectReference: {fileID: 13400000, guid: 8b58fba6fe2831846ae800ecdaaea8b0,
        type: 2}
    - target: {fileID: 1320482391, guid: 5175215abd476495a9f9738b2ab104ec, type: 3}
      propertyPath: m_Size.x
      value: 11.16089
      objectReference: {fileID: 0}
    - target: {fileID: 1320482391, guid: 5175215abd476495a9f9738b2ab104ec, type: 3}
      propertyPath: m_Center.x
      value: 0.15223828
      objectReference: {fileID: 0}
    - target: {fileID: 1320482391, guid: 5175215abd476495a9f9738b2ab104ec, type: 3}
      propertyPath: m_Center.z
      value: 7.05
      objectReference: {fileID: 0}
    - target: {fileID: 1320482391, guid: 5175215abd476495a9f9738b2ab104ec, type: 3}
      propertyPath: m_Size.y
      value: 17.97081
      objectReference: {fileID: 0}
    - target: {fileID: 1320482391, guid: 5175215abd476495a9f9738b2ab104ec, type: 3}
      propertyPath: m_Size.z
      value: 5
      objectReference: {fileID: 0}
    - target: {fileID: 1320482391, guid: 5175215abd476495a9f9738b2ab104ec, type: 3}
      propertyPath: m_Material
      value: 
      objectReference: {fileID: 13400000, guid: 8b58fba6fe2831846ae800ecdaaea8b0,
        type: 2}
    - target: {fileID: 1320482392, guid: 5175215abd476495a9f9738b2ab104ec, type: 3}
      propertyPath: m_Size.z
      value: 18.080416
      objectReference: {fileID: 0}
    - target: {fileID: 1320482392, guid: 5175215abd476495a9f9738b2ab104ec, type: 3}
      propertyPath: m_Center.z
      value: -0.10615071
      objectReference: {fileID: 0}
    - target: {fileID: 1320482392, guid: 5175215abd476495a9f9738b2ab104ec, type: 3}
      propertyPath: m_Size.y
      value: 17.97081
      objectReference: {fileID: 0}
    - target: {fileID: 1320482392, guid: 5175215abd476495a9f9738b2ab104ec, type: 3}
      propertyPath: m_Center.y
      value: 5.870367
      objectReference: {fileID: 0}
    - target: {fileID: 1320482392, guid: 5175215abd476495a9f9738b2ab104ec, type: 3}
      propertyPath: m_Size.x
      value: 5
      objectReference: {fileID: 0}
    - target: {fileID: 1320482392, guid: 5175215abd476495a9f9738b2ab104ec, type: 3}
      propertyPath: m_Center.x
      value: 7.4
      objectReference: {fileID: 0}
    - target: {fileID: 1320482392, guid: 5175215abd476495a9f9738b2ab104ec, type: 3}
      propertyPath: m_Material
      value: 
      objectReference: {fileID: 13400000, guid: 8b58fba6fe2831846ae800ecdaaea8b0,
        type: 2}
    - target: {fileID: 1320482393, guid: 5175215abd476495a9f9738b2ab104ec, type: 3}
      propertyPath: m_Size.y
      value: 17.97081
      objectReference: {fileID: 0}
    - target: {fileID: 1320482393, guid: 5175215abd476495a9f9738b2ab104ec, type: 3}
      propertyPath: m_Size.z
      value: 17.54578
      objectReference: {fileID: 0}
    - target: {fileID: 1320482393, guid: 5175215abd476495a9f9738b2ab104ec, type: 3}
      propertyPath: m_Center.z
      value: -0.26637027
      objectReference: {fileID: 0}
    - target: {fileID: 1320482393, guid: 5175215abd476495a9f9738b2ab104ec, type: 3}
      propertyPath: m_Size.x
      value: 5
      objectReference: {fileID: 0}
    - target: {fileID: 1320482393, guid: 5175215abd476495a9f9738b2ab104ec, type: 3}
      propertyPath: m_Center.x
      value: -7.29
      objectReference: {fileID: 0}
    - target: {fileID: 1320482393, guid: 5175215abd476495a9f9738b2ab104ec, type: 3}
      propertyPath: m_Material
      value: 
      objectReference: {fileID: 13400000, guid: 8b58fba6fe2831846ae800ecdaaea8b0,
        type: 2}
    m_RemovedComponents: []
  m_SourcePrefab: {fileID: 100100000, guid: 5175215abd476495a9f9738b2ab104ec, type: 3}
--- !u!4 &1846001437 stripped
Transform:
  m_CorrespondingSourceObject: {fileID: 487954, guid: 5175215abd476495a9f9738b2ab104ec,
    type: 3}
  m_PrefabInstance: {fileID: 1846001436}
  m_PrefabAsset: {fileID: 0}
--- !u!1 &1851374329
GameObject:
  m_ObjectHideFlags: 0
  m_CorrespondingSourceObject: {fileID: 0}
  m_PrefabInstance: {fileID: 0}
  m_PrefabAsset: {fileID: 0}
  serializedVersion: 6
  m_Component:
  - component: {fileID: 1851374330}
  m_Layer: 0
  m_Name: Lights
  m_TagString: Untagged
  m_Icon: {fileID: 0}
  m_NavMeshLayer: 0
  m_StaticEditorFlags: 0
  m_IsActive: 1
--- !u!4 &1851374330
Transform:
  m_ObjectHideFlags: 0
  m_CorrespondingSourceObject: {fileID: 0}
  m_PrefabInstance: {fileID: 0}
  m_PrefabAsset: {fileID: 0}
  m_GameObject: {fileID: 1851374329}
  m_LocalRotation: {x: 0, y: 0, z: 0, w: 1}
  m_LocalPosition: {x: 0, y: 0, z: 0}
  m_LocalScale: {x: 1, y: 1, z: 1}
  m_Children:
  - {fileID: 1304849880}
  - {fileID: 984907335}
  m_Father: {fileID: 0}
  m_RootOrder: 2
  m_LocalEulerAnglesHint: {x: 0, y: 0, z: 0}
--- !u!1 &1896720239 stripped
GameObject:
  m_CorrespondingSourceObject: {fileID: 100000, guid: 66e951b1635845849873bcd03340c38c,
    type: 3}
  m_PrefabInstance: {fileID: 282916225}
  m_PrefabAsset: {fileID: 0}
--- !u!4 &1896720240 stripped
Transform:
  m_CorrespondingSourceObject: {fileID: 400000, guid: 66e951b1635845849873bcd03340c38c,
    type: 3}
  m_PrefabInstance: {fileID: 282916225}
  m_PrefabAsset: {fileID: 0}
--- !u!114 &1896720241
MonoBehaviour:
  m_ObjectHideFlags: 0
  m_CorrespondingSourceObject: {fileID: 0}
  m_PrefabInstance: {fileID: 0}
  m_PrefabAsset: {fileID: 0}
  m_GameObject: {fileID: 1896720239}
  m_Enabled: 1
  m_EditorHideFlags: 0
  m_Script: {fileID: 11500000, guid: 1b4965042fb01c24ca4f52d51ae75fb7, type: 3}
  m_Name: 
  m_EditorClassIdentifier: 
  AimingTarget: {fileID: 1547842957}
  Ball: {fileID: 496240056}
--- !u!1 &1900324575
GameObject:
  m_ObjectHideFlags: 0
  m_CorrespondingSourceObject: {fileID: 0}
  m_PrefabInstance: {fileID: 0}
  m_PrefabAsset: {fileID: 0}
  serializedVersion: 6
  m_Component:
  - component: {fileID: 1900324576}
  m_Layer: 0
  m_Name: Stage
  m_TagString: Untagged
  m_Icon: {fileID: 0}
  m_NavMeshLayer: 0
  m_StaticEditorFlags: 0
  m_IsActive: 1
--- !u!4 &1900324576
Transform:
  m_ObjectHideFlags: 0
  m_CorrespondingSourceObject: {fileID: 0}
  m_PrefabInstance: {fileID: 0}
  m_PrefabAsset: {fileID: 0}
  m_GameObject: {fileID: 1900324575}
  m_LocalRotation: {x: 0, y: 0, z: 0, w: 1}
  m_LocalPosition: {x: 0, y: 0, z: 0}
  m_LocalScale: {x: 1, y: 1, z: 1}
  m_Children:
  - {fileID: 1845812034}
  - {fileID: 1138444065}
  - {fileID: 969796392}
  - {fileID: 1977018182}
  - {fileID: 29726445}
  - {fileID: 1184337786}
  - {fileID: 364592526}
  - {fileID: 1293368856}
  - {fileID: 1534303428}
  - {fileID: 1745686540}
  - {fileID: 347319951}
  - {fileID: 1846001437}
  - {fileID: 1896720240}
  m_Father: {fileID: 0}
  m_RootOrder: 1
  m_LocalEulerAnglesHint: {x: 0, y: 0, z: 0}
--- !u!1001 &1977018181
PrefabInstance:
  m_ObjectHideFlags: 0
  serializedVersion: 2
  m_Modification:
    m_TransformParent: {fileID: 1900324576}
    m_Modifications:
    - target: {fileID: 139516, guid: 4246925f0393c430189bb4ceba36dc8a, type: 3}
      propertyPath: m_Name
      value: Kegel (2)
      objectReference: {fileID: 0}
    - target: {fileID: 424252, guid: 4246925f0393c430189bb4ceba36dc8a, type: 3}
      propertyPath: m_LocalPosition.x
      value: -2
      objectReference: {fileID: 0}
    - target: {fileID: 424252, guid: 4246925f0393c430189bb4ceba36dc8a, type: 3}
      propertyPath: m_LocalPosition.y
      value: 0
      objectReference: {fileID: 0}
    - target: {fileID: 424252, guid: 4246925f0393c430189bb4ceba36dc8a, type: 3}
      propertyPath: m_LocalPosition.z
      value: 2
      objectReference: {fileID: 0}
    - target: {fileID: 424252, guid: 4246925f0393c430189bb4ceba36dc8a, type: 3}
      propertyPath: m_LocalRotation.x
      value: -0
      objectReference: {fileID: 0}
    - target: {fileID: 424252, guid: 4246925f0393c430189bb4ceba36dc8a, type: 3}
      propertyPath: m_LocalRotation.y
      value: -0
      objectReference: {fileID: 0}
    - target: {fileID: 424252, guid: 4246925f0393c430189bb4ceba36dc8a, type: 3}
      propertyPath: m_LocalRotation.z
      value: -0
      objectReference: {fileID: 0}
    - target: {fileID: 424252, guid: 4246925f0393c430189bb4ceba36dc8a, type: 3}
      propertyPath: m_LocalRotation.w
      value: 1
      objectReference: {fileID: 0}
    - target: {fileID: 424252, guid: 4246925f0393c430189bb4ceba36dc8a, type: 3}
      propertyPath: m_RootOrder
      value: 3
      objectReference: {fileID: 0}
    m_RemovedComponents: []
  m_SourcePrefab: {fileID: 100100000, guid: 4246925f0393c430189bb4ceba36dc8a, type: 3}
--- !u!4 &1977018182 stripped
Transform:
  m_CorrespondingSourceObject: {fileID: 424252, guid: 4246925f0393c430189bb4ceba36dc8a,
    type: 3}
  m_PrefabInstance: {fileID: 1977018181}
  m_PrefabAsset: {fileID: 0}
--- !u!1 &2138848171 stripped
GameObject:
  m_CorrespondingSourceObject: {fileID: 1320482388, guid: 5175215abd476495a9f9738b2ab104ec,
    type: 3}
  m_PrefabInstance: {fileID: 1846001436}
  m_PrefabAsset: {fileID: 0}
--- !u!65 &2138848177
BoxCollider:
  m_ObjectHideFlags: 0
  m_CorrespondingSourceObject: {fileID: 0}
  m_PrefabInstance: {fileID: 0}
  m_PrefabAsset: {fileID: 0}
  m_GameObject: {fileID: 2138848171}
  m_Material: {fileID: 13400000, guid: 8b58fba6fe2831846ae800ecdaaea8b0, type: 2}
  m_IsTrigger: 0
  m_Enabled: 1
  serializedVersion: 2
  m_Size: {x: 11.384827, y: 4.768917, z: 21.570482}
  m_Center: {x: 0.2, y: 14.779142, z: -0.13819766}
